@inproceedings{ sturm12iros,
	author = {J. Sturm and N. Engelhard and F. Endres and W. Burgard and D. Cremers},
	title = {A Benchmark for the Evaluation of RGB-D SLAM Systems},
	booktitle = {Proc. of the International Conference on Intelligent Robot Systems (IROS)},
	year = {2012},
	month= {Oct.},
}

@conference {Rusu09ICRA,
	title = {Fast Point Feature Histograms (FPFH) for 3D Registration},
	booktitle = {The IEEE International Conference on Robotics and Automation (ICRA)},
	year = {2009},
	month = {05/2009},
	address = {Kobe, Japan},
	keywords = {perception},
	url = {http://files.rbrusu.com/publications/Rusu09ICRA.pdf},
	author = {Radu Bogdan Rusu and Nico Blodow and Michael Beetz}
}

@inproceedings{rusu20113d,
  title={3D is here: Point Cloud Library (PCL)},
  author={Rusu, Radu Bogdan and Cousins, Steve},
  booktitle={Robotics and Automation (ICRA), 2011 IEEE International Conference on},
  pages={1--4},
  year={2011},
  organization={IEEE}
}

@conference {ros2009,
	title = {ROS: an open-source Robot Operating System},
	booktitle = {ICRA Workshop on Open Source Software},
	year = {2009},
	attachments = {http://www.willowgarage.com/sites/default/files/icraoss09-ROS.pdf},
	author = {Morgan Quigley and Ken Conley and Brian P. Gerkey and Josh Faust and Tully Foote and Jeremy Leibs and Rob Wheeler and Andrew Y. Ng}
}


@article {surf2008,
	title = {SURF: Speeded Up Robust Features},
	author = {Herbert Bay and Andreas Ess and Tinne Tuytelaars and Luc Van Gool},
	journal = {Computer Vision and Image Understanding (CVIU)},
	year = {2008},
	volume = {110},
	number = {3},
	pages = {346-359}
}

@article{opencv_library,
    author = {Bradski, G.},
    citeulike-article-id = {2236121},
    journal = {Dr. Dobb's Journal of Software Tools},
    keywords = {bibtex-import},
    posted-at = {2008-01-15 19:21:54},
    priority = {4},
    title = {{The OpenCV Library}},
    year = {2000}
}

@article {gtsam,
	title = {Factor Graphs and GTSAM: A Hands-on Introduction},
	number = {GT-RIM-CP\&R-2012-002},
	year = {2012},
	month = {Sept},
	institution = {GT RIM},
	url = {https://research.cc.gatech.edu/borg/sites/edu.borg/files/downloads/gtsam.pdf},
	author = {Frank Dellaert}
}

@article{hornung13auro,
	author = {Armin Hornung and Kai M. Wurm and Maren Bennewitz and Cyrill
	Stachniss and Wolfram Burgard},
	title = {{OctoMap}: An Efficient Probabilistic {3D} Mapping Framework Based
	on Octrees},
	journal = {Autonomous Robots},
	year = 2013,
	url = {http://octomap.github.com},
	doi = {10.1007/s10514-012-9321-0},
	note = {Software available at \url{http://octomap.github.com}}
}

@inproceedings {Dellaert01nips,
	title = {Feature Correspondence: A {M}arkov Chain {M}onte {C}arlo Approach},
	booktitle = {NIPS},
	year = {2001},
	url = {http://www.ri.cmu.edu/pubs/pub_3429.html},
	author = {Frank Dellaert and Steven M. Seitz and Charles E. Thorpe and Sebastian Thrun}
}

@inproceedings {Erdogan12crv,
	title = {Planar Segmentation of RGBD Images using Fast Linear Fitting and Markov Chain Monte Carlo},
	booktitle = {Computer and Robot Vision},
	year = {2012},
	url = {http://frank.dellaert.com/pubs/Erdogan12crv.pdf},
	author = {Can Erdogan and Manohar Paluri and Frank Dellaert}
}

@article {metropolis1953equation,
	title={Equation of state calculations by fast computing machines},
	author={Metropolis, N. and Rosenbluth, A.W. and Rosenbluth, M.N. and Teller, A.H. and Teller, E.},
	journal={The journal of chemical physics},
	volume={21},
	pages={1087},
	year={1953}
}


@article {swendsen1987nonuniversal,
	title={Nonuniversal critical dynamics in Monte Carlo simulations},
	author={Swendsen, R.H. and Wang, J.S.},
	journal={Physical Review Letters},
	volume={58},
	number={2},
	pages={86},
	year={1987},
	publisher={APS}
}


@article {barbu2005generalizing,
	title={Generalizing {S}wendsen-{W}ang to sampling arbitrary posterior probabilities},
	author={Barbu, A. and Zhu, S.C.},
	journal={Pattern Analysis and Machine Intelligence, IEEE Transactions on},
	volume={27},
	number={8},
	pages={1239--1253},
	year={2005},
	publisher={IEEE}
}

@article {felzenszwalb2004efficient,
	title = { Efficient Graph-Based Image Segmentation},
	author = {Pedro F. Felzenszwalb and Daniel P. Huttenlocher},
	journal = { International Journal of Computer Vision},
	year = {2004},
	volume = {59},
	number = {2},
	pages = {167-181}
}

@inproceedings{tomasi1998bilateral,
	author={Tomasi, C. and Manduchi, R.},
	booktitle={Computer Vision, 1998. Sixth International Conference on},
	title={Bilateral filtering for gray and color images},
	year={1998},
	pages={839-846}
}

@inproceedings {Kaess04eccv,
	title = {MCMC-based Multiview Reconstruction of Piecewise Smooth Subdivision Curves with a Variable Number of Control Points},
	booktitle = {ECCV},
	series = {Lecture Notes in Computer Science},
	volume = {3023},
	year = {2004},
	pages = {329-341},
	publisher = {Springer},
	organization = {Springer},
	address = {Prague; Czech Republic},
	isbn = {3-540-21982-X},
	url = {http://frank.dellaert.com/ftp/Kaess04eccv.pdf},
	author = {Michael Kaess and Rafal Zboinski and Frank Dellaert}
}

@inproceedings{bleyer2005graph,
  title = {Graph-based surface reconstruction from stereo pairs using image segmentation},
  author = {Bleyer, Michael and Gelautz, Margrit},
  booktitle = {Electronic Imaging 2005},
  pages = {288-299},
  year = {2005},
  organization = {International Society for Optics and Photonics}
}

@incollection{dick2002bayesian,
  title={A Bayesian estimation of building shape using MCMC},
  author={Dick, Anthony R and Torr, Philip HS and Cipolla, Roberto},
  booktitle={Computer Vision-ECCV 2002},
  pages={852-866},
  year={2002},
  publisher={Springer}
}

@article{qiu2009jump,
  title={Jump-preserving surface reconstruction from noisy data},
  author={Qiu, Peihua},
  journal={Annals of the Institute of Statistical Mathematics},
  volume={61},
  number={3},
  pages={715-751},
  year={2009},
  publisher={Springer}
}

@article{tu2002image,
  title={Image segmentation by data-driven Markov chain Monte Carlo},
  author={Tu, Zhuowen and Zhu, Song-Chun},
  journal={Pattern Analysis and Machine Intelligence, IEEE Transactions on},
  volume={24},
  number={5},
  pages={657-673},
  year={2002},
  publisher={IEEE}
}

@inproceedings{strom2010graph,
  title={Graph-based segmentation for colored 3d laser point clouds},
  author={Strom, Johannes and Richardson, A and Olson, E},
  booktitle={Intelligent Robots and Systems (IROS), 2010 IEEE/RSJ International Conference on},
  pages={2131--2136},
  year={2010},
  organization={IEEE}
}

@inproceedings{douillard2011segmentation,
  title={On the segmentation of 3D LIDAR point clouds},
  author={Douillard, Bertrand and Underwood, J and Kuntz, N and Vlaskine, V and Quadros, A and Morton, P and Frenkel, A},
  booktitle={Robotics and Automation (ICRA), 2011 IEEE International Conference on},
  pages={2798--2805},
  year={2011},
  organization={IEEE}
}

@inproceedings{henry2010rgb,
  title={RGB-D mapping: Using depth cameras for dense 3D modeling of indoor environments},
  author={Henry, Peter and Krainin, Michael and Herbst, Evan and Ren, Xiaofeng and Fox, Dieter},
  booktitle={the 12th International Symposium on Experimental Robotics (ISER)},
  volume={20},
  pages={22--25},
  year={2010}
}


@inproceedings{newcombe2011kinectfusion,
  title={KinectFusion: Real-time dense surface mapping and tracking},
  author={Newcombe, Richard A and Davison, Andrew J and Izadi, Shahram and Kohli, Pushmeet and Hilliges, Otmar and Shotton, Jamie and Molyneaux, David and Hodges, Steve and Kim, David and Fitzgibbon, Andrew},
  booktitle={Mixed and Augmented Reality (ISMAR), 2011 10th IEEE International Symposium on},
  pages={127--136},
  year={2011},
  organization={IEEE}
}

@article{whelan2012kintinuous,
  title={Kintinuous: Spatially extended KinectFusion},
  author={Whelan, Thomas and Kaess, Michael and Fallon, Maurice and Johannsson, Hordur and Leonard, John and McDonald, John},
  year={2012}
}